@misc{designjustice,
    title = "Design Justice Network Principles",
    year = "2018",
    howpublished = "\url{https://designjustice.org/read-the-principles}",
    note = "[Online; accessed 25-October-2023]"
}
