@inproceedings{nouri2024welcome,
  title={Welcome Your New AI Teammate: On Safety Analysis by Leashing Large Language Models},
  author={Nouri, Ali and Cabrero-Daniel, Beatriz and Torner, Fredrik and Sivencrona, Hakan and Berger, Christian},
  booktitle={Proceedings of the IEEE/ACM 3rd International Conference on AI Engineering-Software Engineering for AI},
  pages={172--177},
  year={2024}
}

@inproceedings{tizpaz2024worst,
  title={Worst-Case Convergence Time of ML Algorithms via Extreme Value Theory},
  author={Tizpaz-Niari, Saeid and Sankaranarayanan, Sriram},
  booktitle={Proceedings of the IEEE/ACM 3rd International Conference on AI Engineering-Software Engineering for AI},
  pages={211--221},
  year={2024}
}