@inproceedings{shome2022data,
  author={Shome, Arumoy and Cruz, Luís and Deursen, Arie van},
  booktitle={2022 IEEE/ACM 1st International Conference on AI Engineering – Software Engineering for AI (CAIN)}, 
  title={Data Smells in Public Datasets}, 
  year={2022},
  volume={},
  number={},
  pages={205-216},
  keywords={Training;Codes;Data analysis;Data integrity;Wildlife;Machine learning;Documentation;data quality;data smells;ai engineering;code smells},
  doi={10.1145/3522664.3528621}
}

@inproceedings{xia2023towards,
  author={Xia, Boming and Lu, Qinghua and Perera, Harsha and Zhu, Liming and Xing, Zhenchang and Liu, Yue and Whittle, Jon},
  booktitle={2023 IEEE/ACM 2nd International Conference on AI Engineering – Software Engineering for AI (CAIN)}, 
  title={Towards Concrete and Connected AI Risk Assessment (C2AIRA): A Systematic Mapping Study}, 
  year={2023},
  volume={},
  number={},
  pages={104-116},
  keywords={Industries;Systematics;Government;Companies;Risk management;Stakeholders;Artificial intelligence;artificial intelligence;machine learning;risk assessment;impact assessment;responsible AI;risk mitigation},
  doi={10.1109/CAIN58948.2023.00027}
}
@ARTICLE{lu2023responsible,
  author={Lu, Qinghua and Zhu, Liming and Xu, Xiwei and Whittle, Jon},
  journal={IEEE Software}, 
  title={Responsible-AI-by-Design: A Pattern Collection for Designing Responsible Artificial Intelligence Systems}, 
  year={2023},
  volume={40},
  number={3},
  pages={63-71},
  keywords={Artificial intelligence;Ethics;Digital twins;Switches;Data models;Bills of materials;Task analysis},
  doi={10.1109/MS.2022.3233582}}
