% BibTex
@INPROCEEDINGS{10164748,

  author={Krasteva, Iva and Kraychev, Boris and Kiyamousavi, Ensiye},

  booktitle={2023 IEEE/ACM 2nd International Conference on AI Engineering â€“ Software Engineering for AI (CAIN)}, 

  title={How Federated Machine Learning Helps Increase the Mutual Benefit of Data-Sharing Ecosystems}, 

  year={2023},

  volume={},

  number={},

  pages={96-97},

  keywords={Machine learning algorithms;Ecosystems;Machine learning;Companies;Prediction algorithms;Data models;Software engineering;data sharing;federated machine learning;traffic prediction;data spaces},

  doi={10.1109/CAIN58948.2023.00023}}

@inproceedings{heiland2023design,
  title={Design Patterns for AI-based Systems: A Multivocal Literature Review and Pattern Repository},
  author={Heiland, Lukas and Hauser, Marius and Bogner, Justus},
  booktitle={2023 IEEE/ACM 2nd International Conference on AI Engineering--Software Engineering for AI (CAIN)},
  pages={184--196},
  year={2023},
  organization={IEEE}
}

@article{hildebrandt2018algorithmic,
  title={Algorithmic regulation and the rule of law},
  author={Hildebrandt, Mireille},
  journal={Philosophical Transactions of the Royal Society A: Mathematical, Physical and Engineering Sciences},
  volume={376},
  number={2128},
  pages={20170355},
  year={2018},
  publisher={The Royal Society Publishing}
}
