@article{zhang2024careful,
      title={A Careful Examination of Large Language Model Performance on Grade School Arithmetic}, 
      author={Hugh Zhang and Jeff Da and Dean Lee and Vaughn Robinson and Catherine Wu and Will Song and Tiffany Zhao and Pranav Raja and Dylan Slack and Qin Lyu and Sean Hendryx and Russell Kaplan and Michele and Lunati and Summer Yue},
      year={2024},
      volume={2405.00332},
      journal={arXiv},
      primaryClass={cs.CL}
}

@article{pitfalls_of_next_token_prediction,
  title={The pitfalls of next-token prediction},
  author={Gregor Bachmann and Vaishnavh Nagarajan},
  journal={arXiv},
  year={2024},
  volume={2403.06963},
  primaryClass={cs.CL},
  url={https://api.semanticscholar.org/CorpusID:268364153}
}

@inproceedings{paradox_of_learning_to_reason,
  title     = {On the Paradox of Learning to Reason from Data},
  author    = {Zhang, Honghua and Li, Liunian Harold and Meng, Tao and Chang, Kai-Wei and Van den Broeck, Guy},
  booktitle = {Proceedings of the Thirty-Second International Joint Conference on
               Artificial Intelligence, {IJCAI-23}},
  pages     = {3365--3373},
  year      = {2023},
  month     = {8},
  doi       = {10.24963/ijcai.2023/375},
  url       = {https://doi.org/10.24963/ijcai.2023/375},
}

@article{wei2022emergent,
title={Emergent Abilities of Large Language Models},
author={Jason Wei and Yi Tay and Rishi Bommasani and Colin Raffel and Barret Zoph and Sebastian Borgeaud and Dani Yogatama and Maarten Bosma and Denny Zhou and Donald Metzler and Ed H. Chi and Tatsunori Hashimoto and Oriol Vinyals and Percy Liang and Jeff Dean and William Fedus},
journal={Transactions on Machine Learning Research},
issn={2835-8856},
year={2022},
url={https://openreview.net/forum?id=yzkSU5zdwD},
publisher={OpenReview.net}
}


@inproceedings{chain_of_thought,
 author = {Wei, Jason and Wang, Xuezhi and Schuurmans, Dale and Bosma, Maarten and ichter, brian and Xia, Fei and Chi, Ed and Le, Quoc V and Zhou, Denny},
 booktitle = {Advances in Neural Information Processing Systems},
 pages = {24824--24837},
 title = {Chain-of-Thought Prompting Elicits Reasoning in Large Language Models},
 volume = {35},
 year = {2022}
}

@inproceedings{natural_prover,
 author = {Welleck, Sean and Liu, Jiacheng and Lu, Ximing and Hajishirzi, Hannaneh and Choi, Yejin},
 booktitle = {Advances in Neural Information Processing Systems},
 pages = {4913--4927},
 title = {NaturalProver: Grounded Mathematical Proof Generation with Language Models},
 volume = {35},
 year = {2022}
}


@inproceedings{llms_zero_shot_planners,
  title = 	 {Language Models as Zero-Shot Planners: Extracting Actionable Knowledge for Embodied Agents},
  author =       {Huang, Wenlong and Abbeel, Pieter and Pathak, Deepak and Mordatch, Igor},
  booktitle = 	 {Proceedings of the 39th International Conference on Machine Learning},
  pages = 	 {9118--9147},
  year = 	 {2022},
  volume = 	 {162}
}

@misc{bident,
      title={Bidirectional Intent Communication: A Role for Large Foundation Models}, 
      author={Tim Schreiter and Rishi Hazra and Jens Rüppel and Andrey Rudenko},
      year={2024},
      eprint={2408.10589},
      archivePrefix={arXiv},
      primaryClass={cs.RO},
      url={https://arxiv.org/abs/2408.10589}, 
}

@INPROCEEDINGS {egotv,
author = {R. Hazra and B. Chen and A. Rai and N. Kamra and R. Desai},
booktitle = {2023 IEEE/CVF International Conference on Computer Vision (ICCV)},
title = {{EgoTV: Egocentric Task Verification from Natural Language Task Descriptions}},
year = {2023},
volume = {},
issn = {},
pages = {15371-15383},
doi = {10.1109/ICCV51070.2023.01414},
url = {https://doi.ieeecomputersociety.org/10.1109/ICCV51070.2023.01414},
publisher = {IEEE Computer Society},
address = {Los Alamitos, CA, USA},
month = {oct}
}


@misc{revolve,
      title={REvolve: Reward Evolution with Large Language Models for Autonomous Driving}, 
      author={Rishi Hazra and Alkis Sygkounas and Andreas Persson and Amy Loutfi and Pedro Zuidberg Dos Martires},
      year={2024},
      eprint={2406.01309},
      archivePrefix={arXiv},
      primaryClass={cs.NE},
      url={https://arxiv.org/abs/2406.01309}, 
}

@book{garey_johnson,
author = {Garey, Michael R. and Johnson, David S.},
title = {Computers and Intractability; A Guide to the Theory of NP-Completeness},
year = {1990},
isbn = {0716710455},
publisher = {W. H. Freeman \& Co.},
address = {USA}
}

@article{gomes,
  title={Satisfied with physics},
  author={Gomes, Carla P and Selman, Bart},
  journal={Science},
  volume={297},
  number={5582},
  pages={784--785},
  year={2002},
  publisher={American Association for the Advancement of Science}
}

@misc{sat_game,
  author = {Olivier Roussel},
  title = {{The SAT Game}},
  note = {\url{https://www.cril.univ-artois.fr/en/software/satgame/}}
}


@misc{can_llms_reason_3sat,
      title={Can Large Language Models Reason? A Characterization via 3-SAT}, 
      author={Rishi Hazra and Gabriele Venturato and Pedro Zuidberg Dos Martires and Luc De Raedt},
      year={2024},
      eprint={2408.07215},
      archivePrefix={arXiv},
      primaryClass={cs.AI},
      url={https://arxiv.org/abs/2408.07215}, 
}

@inproceedings{llms_zero_shot_reasoners,
 author = {Kojima, Takeshi and Gu, Shixiang (Shane) and Reid, Machel and Matsuo, Yutaka and Iwasawa, Yusuke},
 booktitle = {Advances in Neural Information Processing Systems},
 pages = {22199--22213},
 title = {Large Language Models are Zero-Shot Reasoners},
 volume = {35},
 year = {2022}, 
}

@inproceedings{llms_as_optimizers,
title={Large Language Models as Optimizers},
author={Chengrun Yang and Xuezhi Wang and Yifeng Lu and Hanxiao Liu and Quoc V Le and Denny Zhou and Xinyun Chen},
booktitle={The Twelfth International Conference on Learning Representations},
year={2024},
url={https://openreview.net/forum?id=Bb4VGOWELI}
}

@inproceedings{saycanpay,
  title={{SayCanPay: Heuristic Planning with Large Language Models using Learnable Domain Knowledge}},
  author={Hazra, Rishi and Zuidberg Dos Martires, Pedro and De Raedt, Luc},
  booktitle={Proceedings of the AAAI Conference on Artificial Intelligence},
  volume={38},
  pages={20123--20133},
  year={2024}
}

@inproceedings{llms_cant_plan,
title={Large Language Models Still Can't Plan (A Benchmark for {LLM}s on Planning and Reasoning about Change)},
author={Karthik Valmeekam and Alberto Olmo and Sarath Sreedharan and Subbarao Kambhampati},
booktitle={NeurIPS 2022 Foundation Models for Decision Making Workshop},
year={2022},
url={https://openreview.net/forum?id=wUU-7XTL5XO}
}


@inproceedings{leasttomost,
title={Least-to-Most Prompting Enables Complex Reasoning in Large Language Models},
author={Denny Zhou and Nathanael Sch{\"a}rli and Le Hou and Jason Wei and Nathan Scales and Xuezhi Wang and Dale Schuurmans and Claire Cui and Olivier Bousquet and Quoc V Le and Ed H. Chi},
booktitle={The Eleventh International Conference on Learning Representations },
year={2023},
url={https://openreview.net/forum?id=WZH7099tgfM}
}


@article{gpt4_cant_reason,
  title={GPT-4 Can't Reason},
  author={Konstantine Arkoudas},
  journal={arXiv},
  year={2023},
  volume={2308.03762},
  primaryClass={cs.CL},
  url={https://api.semanticscholar.org/CorpusID:260704128}
}

@article{reward_misdesign_ad,
  title={Reward (mis) design for autonomous driving},
  author={Knox, W Bradley and Allievi, Alessandro and Banzhaf, Holger and Schmitt, Felix and Stone, Peter},
  journal={Artificial Intelligence},
  volume={316},
  pages={103829},
  year={2023},
  publisher={Elsevier}
}

@inproceedings{shah2018airsim,
  title={Airsim: High-fidelity visual and physical simulation for autonomous vehicles},
  author={Shah, Shital and Dey, Debadeepta and Lovett, Chris and Kapoor, Ashish},
  booktitle={Field and Service Robotics: Results of the 11th International Conference},
  pages={621--635},
  year={2018},
  organization={Springer}
}

@article{drl_hf,
  title={Deep reinforcement learning from human preferences},
  author={Christiano, Paul F and Leike, Jan and Brown, Tom and Martic, Miljan and Legg, Shane and Amodei, Dario},
  journal={Advances in neural information processing systems},
  volume={30},
  year={2017}
}

@inproceedings{tamer,
  title={Interactively shaping agents via human reinforcement: The TAMER framework},
  author={Knox, W Bradley and Stone, Peter},
  booktitle={Proceedings of the fifth international conference on Knowledge capture},
  pages={9--16},
  year={2009}
}

@article{teachable_robots,
title = {Teachable robots: Understanding human teaching behavior to build more effective robot learners},
journal = {Artificial Intelligence},
volume = {172},
number = {6},
pages = {716-737},
year = {2008},
issn = {0004-3702},
doi = {https://doi.org/10.1016/j.artint.2007.09.009},
url = {https://www.sciencedirect.com/science/article/pii/S000437020700135X},
author = {Andrea L. Thomaz and Cynthia Breazeal},
keywords = {Human–robot interaction, Reinforcement learning, User studies}
}

@inproceedings{reflexion,
 author = {Shinn, Noah and Cassano, Federico and Gopinath, Ashwin and Narasimhan, Karthik and Yao, Shunyu},
 booktitle = {Advances in Neural Information Processing Systems},
 pages = {8634--8652},
 title = {Reflexion: language agents with verbal reinforcement learning},
 url = {https://proceedings.neurips.cc/paper_files/paper/2023/file/1b44b878bb782e6954cd888628510e90-Paper-Conference.pdf},
 volume = {36},
 year = {2023}
}

@misc{humaneval,
      title={Evaluating Large Language Models Trained on Code}, 
      author={Mark Chen and Jerry Tworek and Heewoo Jun and Qiming Yuan and Henrique Ponde de Oliveira Pinto and Jared Kaplan and Harri Edwards and Yuri Burda and Nicholas Joseph and Greg Brockman and Alex Ray and Raul Puri and Gretchen Krueger and Michael Petrov and Heidy Khlaaf and Girish Sastry and Pamela Mishkin and Brooke Chan and Scott Gray and Nick Ryder and Mikhail Pavlov and Alethea Power and Lukasz Kaiser and Mohammad Bavarian and Clemens Winter and Philippe Tillet and Felipe Petroski Such and Dave Cummings and Matthias Plappert and Fotios Chantzis and Elizabeth Barnes and Ariel Herbert-Voss and William Hebgen Guss and Alex Nichol and Alex Paino and Nikolas Tezak and Jie Tang and Igor Babuschkin and Suchir Balaji and Shantanu Jain and William Saunders and Christopher Hesse and Andrew N. Carr and Jan Leike and Josh Achiam and Vedant Misra and Evan Morikawa and Alec Radford and Matthew Knight and Miles Brundage and Mira Murati and Katie Mayer and Peter Welinder and Bob McGrew and Dario Amodei and Sam McCandlish and Ilya Sutskever and Wojciech Zaremba},
      year={2021},
      eprint={2107.03374},
      archivePrefix={arXiv},
      primaryClass={cs.LG},
      url={https://arxiv.org/abs/2107.03374}, 
}

@inproceedings{gpt_graph_coloring,
title={{GPT}-4 Doesn{\textquoteright}t Know It{\textquoteright}s Wrong: An Analysis of Iterative Prompting for Reasoning Problems},
author={Kaya Stechly and Matthew Marquez and Subbarao Kambhampati},
booktitle={NeurIPS 2023 Foundation Models for Decision Making Workshop},
year={2023},
url={https://openreview.net/forum?id=PMtZjDYB68}
}


@inproceedings{selfrefine,
 author = {Madaan, Aman and Tandon, Niket and Gupta, Prakhar and Hallinan, Skyler and Gao, Luyu and Wiegreffe, Sarah and Alon, Uri and Dziri, Nouha and Prabhumoye, Shrimai and Yang, Yiming and Gupta, Shashank and Majumder, Bodhisattwa Prasad and Hermann, Katherine and Welleck, Sean and Yazdanbakhsh, Amir and Clark, Peter},
 booktitle = {Advances in Neural Information Processing Systems},
 pages = {46534--46594},
 title = {Self-Refine: Iterative Refinement with Self-Feedback},
 url = {https://proceedings.neurips.cc/paper_files/paper/2023/file/91edff07232fb1b55a505a9e9f6c0ff3-Paper-Conference.pdf},
 volume = {36},
 year = {2023}
}


@article{REDA2024104630,
title = {Path planning algorithms in the autonomous driving system: A comprehensive review},
journal = {Robotics and Autonomous Systems},
volume = {174},
pages = {104630},
year = {2024},
issn = {0921-8890},
doi = {https://doi.org/10.1016/j.robot.2024.104630},
url = {https://www.sciencedirect.com/science/article/pii/S0921889024000137},
author = {Mohamed Reda and Ahmed Onsy and Amira Y. Haikal and Ali Ghanbari},
keywords = {Autonomous driving system, Path planning, Driverless cars, Local planning, Global planning}
}

@misc{llm4drive,
      title={LLM4Drive: A Survey of Large Language Models for Autonomous Driving}, 
      author={Zhenjie Yang and Xiaosong Jia and Hongyang Li and Junchi Yan},
      year={2024},
      eprint={2311.01043},
      archivePrefix={arXiv},
      primaryClass={cs.AI},
      url={https://arxiv.org/abs/2311.01043}, 
}

@ARTICLE{10213996,
  author={Katare, Dewant and Perino, Diego and Nurmi, Jari and Warnier, Martijn and Janssen, Marijn and Ding, Aaron Yi},
  journal={IEEE Communications Surveys \& Tutorials}, 
  title={A Survey on Approximate Edge AI for Energy Efficient Autonomous Driving Services}, 
  year={2023},
  volume={25},
  number={4},
  pages={2714-2754},
  keywords={Artificial intelligence;Sensors;Autonomous vehicles;Edge computing;Surveys;Simultaneous localization and mapping;Vehicles;Approximate computing;connected vehicles;deep learning;edge computing;energy efficiency;intelligent vehicles;machine learning},
  doi={10.1109/COMST.2023.3302474}}

@misc{codex,
      title={Evaluating Large Language Models Trained on Code}, 
      author={Mark Chen and Jerry Tworek and Heewoo Jun and Qiming Yuan and Henrique Ponde de Oliveira Pinto and Jared Kaplan and Harri Edwards and Yuri Burda and Nicholas Joseph and Greg Brockman and Alex Ray and Raul Puri and Gretchen Krueger and Michael Petrov and Heidy Khlaaf and Girish Sastry and Pamela Mishkin and Brooke Chan and Scott Gray and Nick Ryder and Mikhail Pavlov and Alethea Power and Lukasz Kaiser and Mohammad Bavarian and Clemens Winter and Philippe Tillet and Felipe Petroski Such and Dave Cummings and Matthias Plappert and Fotios Chantzis and Elizabeth Barnes and Ariel Herbert-Voss and William Hebgen Guss and Alex Nichol and Alex Paino and Nikolas Tezak and Jie Tang and Igor Babuschkin and Suchir Balaji and Shantanu Jain and William Saunders and Christopher Hesse and Andrew N. Carr and Jan Leike and Josh Achiam and Vedant Misra and Evan Morikawa and Alec Radford and Matthew Knight and Miles Brundage and Mira Murati and Katie Mayer and Peter Welinder and Bob McGrew and Dario Amodei and Sam McCandlish and Ilya Sutskever and Wojciech Zaremba},
      year={2021},
      eprint={2107.03374},
      archivePrefix={arXiv},
      primaryClass={cs.LG},
      url={https://arxiv.org/abs/2107.03374}, 
}

@inproceedings{verify_step_by_step,
title={Let's Verify Step by Step},
author={Hunter Lightman and Vineet Kosaraju and Yuri Burda and Harrison Edwards and Bowen Baker and Teddy Lee and Jan Leike and John Schulman and Ilya Sutskever and Karl Cobbe},
booktitle={The Twelfth International Conference on Learning Representations},
year={2024},
url={https://openreview.net/forum?id=v8L0pN6EOi}
}

@misc{valmeekam2023planning,
      title={On the Planning Abilities of Large Language Models (A Critical Investigation with a Proposed Benchmark)}, 
      author={Karthik Valmeekam and Sarath Sreedharan and Matthew Marquez and Alberto Olmo and Subbarao Kambhampati},
      year={2023},
      eprint={2302.06706},
      archivePrefix={arXiv},
      primaryClass={cs.AI}
}

@article{llm_modulo_frameworks,
  title={LLMs Can't Plan, But Can Help Planning in LLM-Modulo Frameworks},
  author={Subbarao Kambhampati and Karthik Valmeekam and L. Guan and Kaya Stechly and Mudit Verma and Siddhant Bhambri and Lucas Saldyt and Anil Murthy},
  journal={arXiv},
  year={2024},
  volume={2402.01817},
  primaryClass={cs.AI},
  url={https://api.semanticscholar.org/CorpusID:267413178}
}

@inproceedings{deraedt2020statistical,
  title     = {From Statistical Relational to Neuro-Symbolic Artificial Intelligence},
  author    = {De Raedt, Luc and Dumančić, Sebastijan and Manhaeve, Robin and Marra, Giuseppe},
  booktitle = {Proceedings of the Twenty-Ninth International Joint Conference on
               Artificial Intelligence, {IJCAI-20}},
  publisher = {International Joint Conferences on Artificial Intelligence Organization},
  pages     = {4943--4950},
  year      = {2020},
  month     = {7},
  note      = {Survey track},
  doi       = {10.24963/ijcai.2020/688},
  url       = {https://doi.org/10.24963/ijcai.2020/688},
}

@inproceedings{ai_teammate,
author = {Nouri, Ali and Cabrero-Daniel, Beatriz and Torner, Fredrik and Sivencrona, Hakan and Berger, Christian},
title = {Welcome Your New AI Teammate: On Safety Analysis by Leashing Large Language Models},
year = {2024},
publisher = {Association for Computing Machinery},
url = {https://doi.org/10.1145/3644815.3644953},
booktitle = {Proceedings of the IEEE/ACM 3rd International Conference on AI Engineering - Software Engineering for AI},
pages = {172–177},
numpages = {6},
keywords = {hazard analysis risk assessment, autonomous vehicles, DevOps, safety, large language model, prompt engineering, LLM, ChatGPT},
location = {Lisbon, Portugal},
series = {CAIN '24}
}

@inproceedings{10.1145/3644815.3644946,
author = {Li, Ziyu and Shin, Donghwan},
title = {Mutation-based Consistency Testing for Evaluating the Code Understanding Capability of LLMs},
year = {2024},
publisher = {Association for Computing Machinery},
url = {https://doi.org/10.1145/3644815.3644946},
booktitle = {Proceedings of the IEEE/ACM 3rd International Conference on AI Engineering - Software Engineering for AI},
pages = {150–159},
numpages = {10},
keywords = {large language models, software engineering, mutation analysis},
location = {Lisbon, Portugal},
series = {CAIN '24}
}
