@article{locatello2020object,
  title={Object-centric learning with slot attention},
  author={Locatello, Francesco and Weissenborn, Dirk and Unterthiner, Thomas and Mahendran, Aravindh and Heigold, Georg and Uszkoreit, Jakob and Dosovitskiy, Alexey and Kipf, Thomas},
  journal={Advances in neural information processing systems},
  volume={33},
  pages={11525--11538},
  year={2020}
}

@article{greff2020binding,
  title={On the binding problem in artificial neural networks},
  author={Greff, Klaus and Van Steenkiste, Sjoerd and Schmidhuber, J{\"u}rgen},
  journal={arXiv preprint arXiv:2012.05208},
  year={2020}
}

@inproceedings{pinto2024developer,
  title={Developer Experiences with a Contextualized AI Coding Assistant: Usability, Expectations, and Outcomes},
  author={Pinto, Gustavo and De Souza, Cleidson and Rocha, Thayssa and Steinmacher, Igor and Souza, Alberto and Monteiro, Edward},
  booktitle={Proceedings of the IEEE/ACM 3rd International Conference on AI Engineering-Software Engineering for AI},
  pages={81--91},
  year={2024}
}

@inproceedings{khadka2024combinatorial,
  title={A Combinatorial Approach to Hyperparameter Optimization},
  author={Khadka, Krishna and Chandrasekaran, Jaganmohan and Lei, Yu and Kacker, Raghu N and Kuhn, D Richard},
  booktitle={Proceedings of the IEEE/ACM 3rd International Conference on AI Engineering-Software Engineering for AI},
  pages={140--149},
  year={2024}
}