@inproceedings {281396,
author = {Igibek Koishybayev and Aleksandr Nahapetyan and Raima Zachariah and Siddharth Muralee and Bradley Reaves and Alexandros Kapravelos and Aravind Machiry},
title = {Characterizing the Security of Github {CI} Workflows},
booktitle = {31st USENIX Security Symposium (USENIX Security 22)},
year = {2022},
isbn = {978-1-939133-31-1},
address = {Boston, MA},
pages = {2747--2763},
url = {https://www.usenix.org/conference/usenixsecurity22/presentation/koishybayev},
publisher = {USENIX Association},
month = aug
}

@INPROCEEDINGS{10020813,
  author={Akter, Mst Shapna and Faruk, Md Jobair Hossain and Anjum, Nafisa and Masum, Mohammad and Shahriar, Hossain and Sakib, Nazmus and Rahman, Akond and Wu, Fan and Cuzzocrea, Alfredo},
  booktitle={2022 IEEE International Conference on Big Data (Big Data)}, 
  title={Software Supply Chain Vulnerabilities Detection in Source Code: Performance Comparison between Traditional and Quantum Machine Learning Algorithms}, 
  year={2022},
  volume={},
  number={},
  pages={5639-5645},
  keywords={Machine learning algorithms;Computational modeling;Supply chains;Qubit;Artificial neural networks;Machine learning;Big Data;Software supply chain Security;Quantum machine learning;Quantum neural network (QNN);Neural Network (NN);ClaMP;TensorFlow;Pennylane},
  doi={10.1109/BigData55660.2022.10020813}}

@INPROCEEDINGS{9796391,
  author={Yajima, Jun and Inui, Maki and Oikawa, Takanori and Kasahara, Fumiyoshi and Morikawa, Ikuya and Yoshioka, Nobukazu},
  booktitle={2022 IEEE/ACM 1st International Conference on AI Engineering – Software Engineering for AI (CAIN)}, 
  title={A New Approach for Machine Learning Security Risk Assessment – Work in Progress}, 
  year={2022},
  volume={},
  number={},
  pages={52-53},
  keywords={Privacy;Machine learning;Security;Risk management;Software engineering;Machine Learning;ML Security;Risk Assessment},
  doi={10.1145/3522664.3528613}}


@INPROCEEDINGS{10164750,
  author={Pinconschi, Eduard and Reis, Sofia and Zhang, Chi and Abreu, Rui and Erdogmus, Hakan and Păsăreanu, Corina S. and Jia, Limin},
  booktitle={2023 IEEE/ACM 2nd International Conference on AI Engineering – Software Engineering for AI (CAIN)}, 
  title={Tenet: A Flexible Framework for Machine-Learning-based Vulnerability Detection}, 
  year={2023},
  volume={},
  number={},
  pages={102-103},
  keywords={Training;Soft sensors;Pipelines;Buildings;Static analysis;Security;Labeling;software vulnerability detection;machine learning;framework},
  doi={10.1109/CAIN58948.2023.00026}}
