@inproceedings{heckWhatDataMapping2024a,
  title = {What {{About}} the {{Data}}? {{A Mapping Study}} on {{Data Engineering}} for {{AI Systems}}},
  shorttitle = {What {{About}} the {{Data}}?},
  booktitle = {2024 {{IEEE}}/{{ACM}} 3rd {{International Conference}} on {{AI Engineering}} -- {{Software Engineering}} for {{AI}} ({{CAIN}})},
  author = {Heck, Petra},
  year = {2024},
  month = apr,
  pages = {43--52},
  urldate = {2024-09-12}
}

@inproceedings{naharMetaSummaryChallengesBuilding2023,
  title = {A {{Meta-Summary}} of {{Challenges}} in {{Building Products}} with {{ML Components}} -- {{Collecting Experiences}} from 4758+ {{Practitioners}}},
  booktitle = {2023 {{IEEE}}/{{ACM}} 2nd {{International Conference}} on {{AI Engineering}} -- {{Software Engineering}} for {{AI}} ({{CAIN}})},
  author = {Nahar, Nadia and Zhang, Haoran and Lewis, Grace and Zhou, Shurui and K{\"a}stner, Christian},
  year = {2023},
  month = may,
  pages = {171--183},
  urldate = {2024-09-12}
}

@inproceedings{sculleyHiddenTechnicalDebt2015,
  title = {Hidden {{Technical Debt}} in {{Machine Learning Systems}}},
  booktitle = {Advances in {{Neural Information Processing Systems}}},
  author = {Sculley, D. and Holt, Gary and Golovin, Daniel and Davydov, Eugene and Phillips, Todd and Ebner, Dietmar and Chaudhary, Vinay and Young, Michael and Crespo, Jean-Fran{\c c}ois and Dennison, Dan},
  year = {2015},
  volume = {28},
  publisher = {Curran Associates, Inc.},
  urldate = {2024-06-06}
}
