@inproceedings{kannan2024green,
  title={Green Runner: A tool for efficient deep learning component selection},
  author={Kannan, Jai and Barnett, Scott and Simmons, Anj and Selvi, Taylan and Cruz, Luis},
  booktitle={Proceedings of the IEEE/ACM 3rd International Conference on AI Engineering-Software Engineering for AI},
  pages={112--117},
  year={2024}
}

@inproceedings{duran2024identifying,
  title={Identifying architectural design decisions for achieving green ML serving},
  author={Dur{\'a}n, Francisco and Mart{\'\i}nez-Fern{\'a}ndez, Silverio and Martinez, Matias and Lago, Patricia},
  booktitle={Proceedings of the IEEE/ACM 3rd International Conference on AI Engineering-Software Engineering for AI},
  pages={18--23},
  year={2024}
}

@misc{ wiki:microservice,
  author = {{Wikipedia contributors}},
  title = "Microservices",
  year = "2024",
  url = "https://en.wikipedia.org/wiki/Microservices",
  note = "[Online; accessed 18-July-2024]"
}