@inproceedings{feldt2018ways,
  title={Ways of applying artificial intelligence in software engineering},
  author={Feldt, Robert and de Oliveira Neto, Francisco G and Torkar, Richard},
  booktitle={Proceedings of the 6th International Workshop on Realizing Artificial Intelligence Synergies in Software Engineering},
  pages={35--41},
  year={2018}
}
@inproceedings{amershiSoftwareEngineeringMachine2019,
  title = {Software {{Engineering}} for {{Machine Learning}}: {{A Case Study}}},
  shorttitle = {Software {{Engineering}} for {{Machine Learning}}},
  booktitle = {2019 {{IEEE}}/{{ACM}} 41st {{International Conference}} on {{Software Engineering}}: {{Software Engineering}} in {{Practice}} ({{ICSE-SEIP}})},
  author = {Amershi, Saleema and Begel, Andrew and Bird, Christian and DeLine, Robert and Gall, Harald and Kamar, Ece and Nagappan, Nachiappan and Nushi, Besmira and Zimmermann, Thomas},
  date = {2019-05},
  pages = {291--300},
  doi = {10.1109/ICSE-SEIP.2019.00042},
  url = {https://ieeexplore.ieee.org/abstract/document/8804457},
  eventtitle = {2019 {{IEEE}}/{{ACM}} 41st {{International Conference}} on {{Software Engineering}}: {{Software Engineering}} in {{Practice}} ({{ICSE-SEIP}})},
}
@article{martinez2022software,
  title={Software engineering for AI-based systems: a survey},
  author={Mart{\'i}nez-Fern{\'a}ndez, Silverio and Bogner, Justus and Franch, Xavier and Oriol, Marc and Siebert, Julien and Trendowicz, Adam and Vollmer, Anna Maria and Wagner, Stefan},
  journal={ACM Transactions on Software Engineering and Methodology (TOSEM)},
  volume={31},
  number={2},
  pages={1--59},
  year={2022},
  publisher={ACM New York, NY}
}

@inproceedings{grote2023case,
  title={A Case Study on AI Engineering Practices: Developing an Autonomous Stock Trading System},
  author={Grote, Marcel and Bogner, Justus},
  booktitle={2023 IEEE/ACM 2nd International Conference on AI Engineering--Software Engineering for AI (CAIN)},
  pages={145--157},
  year={2023},
  organization={IEEE}
}

@inproceedings{cardozo2023prevalence,
  title={Prevalence of code smells in reinforcement learning projects},
  author={Cardozo, Nicol{\'a}s and Dusparic, Ivana and Cabrera, Christian},
  booktitle={2023 IEEE/ACM 2nd International Conference on AI Engineering--Software Engineering for AI (CAIN)},
  pages={37--42},
  year={2023},
  organization={IEEE}
}
@inproceedings{cabralInvestigating,
    author = {Cabral, Raphael and Kalinowski, Marcos and Baldassarre, Maria Teresa and Villamizar, Hugo and Escovedo, Tatiana and Lopes, H\'{e}lio},
    title = {Investigating the Impact of SOLID Design Principles on Machine Learning Code Understanding},
    year = {2024},
    isbn = {9798400705915},
    publisher = {Association for Computing Machinery},
    address = {New York, NY, USA},
    url = {https://doi.org/10.1145/3644815.3644957},
    doi = {10.1145/3644815.3644957},
    booktitle = {Proceedings of the IEEE/ACM 3rd International Conference on AI Engineering - Software Engineering for AI},
    pages = {7â€“17},
    numpages = {11},
    keywords = {SOLID design principles, machine learning, code understanding},
    location = {, Lisbon, Portugal, },
    series = {CAIN '24}
    }

      

