
@INPROCEEDINGS{nascimento19,
  author={Nascimento, Elizamary de Souza and Ahmed, Iftekhar and Oliveira, Edson and Palheta, Márcio Piedade and Steinmacher, Igor and Conte, Tayana},
  booktitle={2019 ACM/IEEE International Symposium on Empirical Software Engineering and Measurement (ESEM)}, 
  title={Understanding Development Process of Machine Learning Systems: Challenges and Solutions}, 
  year={2019},
  volume={},
  number={},
  pages={1-6},
  keywords={Companies;Software;Interviews;Data handling;Task analysis;Industries;Measurement;Machine Learning Systems;data handling;software development;Software Engineering;challenges},
  doi={10.1109/ESEM.2019.8870157}}

@inproceedings{amirian19,
  title={Social ways: Learning multi-modal distributions of pedestrian trajectories with GANs},
  author={Amirian, Javad and Hayet, Jean-Bernard and Pettr{\'e}, Julien},
  booktitle={Proceedings of the IEEE Conference on Computer Vision and Pattern Recognition Workshops (CVPRW)},
  pages={0--0},
  year={2019}
}

@article{li2024,
title = {Unravelling uncertainty in trajectory prediction using a non-parametric approach},
journal = {Transportation Research Part C: Emerging Technologies},
volume = {163},
pages = {104659},
year = {2024},
issn = {0968-090X},
doi = {https://doi.org/10.1016/j.trc.2024.104659},
url = {https://www.sciencedirect.com/science/article/pii/S0968090X24001803},
author = {Guopeng Li and Zirui Li and Victor L. Knoop and Hans {van Lint}},
}

@INPROCEEDINGS{almeida23,
  author={de Almeida, Tiago Rodrigues and Mozos, Oscar Martinez},
  booktitle={2023 IEEE 26th International Conference on Intelligent Transportation Systems (ITSC)}, 
  title={Likely, Light, and Accurate Context-Free Clusters-based Trajectory Prediction}, 
  year={2023},
  volume={},
  number={},
  pages={1269-1276},
  keywords={Uncertainty;Clustering methods;Roads;Probabilistic logic;Generative adversarial networks;Trajectory;Proposals},
  doi={10.1109/ITSC57777.2023.10422479}}


@ARTICLE{segura16,
  author={Segura, Sergio and Fraser, Gordon and Sanchez, Ana B. and Ruiz-Cortés, Antonio},
  journal={IEEE Transactions on Software Engineering}, 
  title={A Survey on Metamorphic Testing}, 
  year={2016},
  volume={42},
  number={9},
  pages={805-824},
  keywords={Testing;Search engines;Google;Libraries;Concrete;Distance measurement;Web services;Metamorphic testing;oracle problem;survey},
  doi={10.1109/TSE.2016.2532875}}


@article{Kothari2020HumanTF,
  author={Kothari, Parth and Kreiss, Sven and Alahi, Alexandre},
  journal={IEEE Transactions on Intelligent Transportation Systems},
  title={Human Trajectory Forecasting in Crowds: A Deep Learning Perspective},
  year={2021},
  volume={},
  number={},
  pages={1-15},
  doi={10.1109/TITS.2021.3069362}
 }

@inproceedings{lenberg14,
author = {Lenberg, Per and Feldt, Robert and Wallgren, Lars-G\"{o}ran},
title = {Towards a behavioral software engineering},
year = {2014},
isbn = {9781450328609},
publisher = {Association for Computing Machinery},
address = {New York, NY, USA},
url = {https://doi.org/10.1145/2593702.2593711},
doi = {10.1145/2593702.2593711},
booktitle = {Proceedings of the 7th International Workshop on Cooperative and Human Aspects of Software Engineering},
pages = {48–55},
numpages = {8},
keywords = {Behavioral Software Engineering, Psychology},
location = {Hyderabad, India},
series = {CHASE 2014}
}

@INPROCEEDINGS{toma24,
  author={Toma, Tajkia Rahman and Bezemer, Cor-Paul},
  booktitle={2024 IEEE/ACM 3rd International Conference on AI Engineering – Software Engineering for AI (CAIN)}, 
  title={An Exploratory Study of Dataset and Model Management in Open Source Machine Learning Applications}, 
  year={2024},
  volume={},
  number={},
  pages={64-74},
  keywords={File systems;Machine learning;Manuals;Data models;Software;Reproducibility of results;Load modeling;Machine Learning (ML) artifact management;ML application development;SE4AI},
  doi={}}


@misc{magni24,
      title={TH\"OR-MAGNI: A Large-scale Indoor Motion Capture Recording of Human Movement and Robot Interaction}, 
      author={Tim Schreiter and Tiago Rodrigues de Almeida and Yufei Zhu and Eduardo Gutierrez Maestro and Lucas Morillo-Mendez and Andrey Rudenko and Luigi Palmieri and Tomasz P. Kucner and Martin Magnusson and Achim J. Lilienthal},
      year={2024},
      eprint={2403.09285},
      archivePrefix={arXiv},
      primaryClass={cs.RO},
      url={https://arxiv.org/abs/2403.09285}, 
}

@INPROCEEDINGS{yarally23,
  author={Yarally, Tim and Cruz, Luıs and Feitosa, Daniel and Sallou, June and van Deursen, Arie},
  booktitle={2023 IEEE/ACM 2nd International Conference on AI Engineering – Software Engineering for AI (CAIN)}, 
  title={Uncovering Energy-Efficient Practices in Deep Learning Training: Preliminary Steps Towards Green AI}, 
  year={2023},
  volume={},
  number={},
  pages={25-36},
  doi={10.1109/CAIN58948.2023.00012}}


@INPROCEEDINGS{mei06,
  author={Yongguo Mei and Yung-Hsiang Lu and Lee, C.S.G. and Hu, Y.C.},
  booktitle={Proceedings 2006 IEEE International Conference on Robotics and Automation, 2006. ICRA 2006.}, 
  title={Energy-efficient mobile robot exploration}, 
  year={2006},
  volume={},
  number={},
  pages={505-511},
  keywords={Energy efficiency;Mobile robots;Robot sensing systems;Energy consumption;Energy conservation;Orbital robotics;Costs;Path planning;Power engineering and energy;Application software},
  doi={10.1109/ROBOT.2006.1641761}}


   @inproceedings{rafi16,
        	title={An Efficient Convolutional Network for Human Pose Estimation},
        	author={Umer Rafi, Bastian Leibe, Juergen Gall and Ilya Kostrikov},
        	year={2016},
        	month={September},
        	pages={109.1-109.11},
        	articleno={109},
        	numpages={11},
        	booktitle={Proceedings of the British Machine Vision Conference (BMVC)},
        	publisher={BMVA Press},
        	editor={Richard C. Wilson, Edwin R. Hancock and William A. P. Smith},
        	doi={10.5244/C.30.109},
        	isbn={1-901725-59-6},
        	url={https://dx.doi.org/10.5244/C.30.109}
        }

@article{liaw2018tune,
    title={Tune: A Research Platform for Distributed Model Selection and Training},
    author={Liaw, Richard and Liang, Eric and Nishihara, Robert
            and Moritz, Philipp and Gonzalez, Joseph E and Stoica, Ion},
    journal={arXiv preprint arXiv:1807.05118},
    year={2018}
}