@techreport{GENDER,
            type = {Brochure},
           title = {Gender-Sensitive Teaching: An introduction for teaching staff in STEM},
         address = {Kiel, Germany},
       publisher = {ARRAY(0x56467432d5f0)},
            year = {2020},
             url = {https://oceanrep.geomar.de/id/eprint/50001/},
          author = {Thege, Britta and Schmeck, Marike and van Elsacker, Mareike}
}

@article{lgbt,
  title={LGBT+ inclusivity in physics and astronomy: A best practices guide},
  author={Ackerman, Nicole and Atherton, Timothy and Avalani, Adrian Ray and Berven, Christine A and Laskar, Tanmoy and Neunzert, Ansel and Parno, Diana S and Ramsey-Musolf, Michael},
  journal={arXiv preprint arXiv:1804.08406},
  year={2018}
}

@article{whynot,
  title={Why not try a scientific approach to science education?},
  author={Wieman, Carl},
  journal={Change: The Magazine of Higher Learning},
  volume={39},
  number={5},
  pages={9--15},
  year={2007},
  publisher={Taylor \& Francis}
}

@incollection{ARCS,
  title={Use of the ARCS motivation model in courseware design},
  author={Keller, John M and Suzuki, Katsuaki},
  booktitle={Instruction Design for Microcomputing Software},
  pages={401--434},
  year={2013},
  publisher={Routledge}
}

@article{kugel,
  title={How professors develop as teachers},
  author={Kugel, Peter},
  journal={Studies in higher education},
  volume={18},
  number={3},
  pages={315--328},
  year={1993},
  publisher={Taylor \& Francis}
}

@misc{Plagiarism,
  title = {{Decision regarding research misconduct}},
  howpublished = {\url{https://npof.se/wp-content/uploads/2024/05/Decision-3_1_20_0025-web.pdf}},
  note = {Accessed: 2023-05-08}
}


@misc{Xray,
  title = {{X-ray diffraction}},
  howpublished ={\url{https://cdn.britannica.com/02/147302-050-3F732246/X-ray-diffraction-pattern-enzyme.jpg}},
  note = {Accessed: 2023-05-08}
}


@article{Kuhn,
  title={Thomas Kuhn's ‘Structure of Scientific Revolutions’ applied to exercise science paradigm shifts: example including the Central Governor Model},
  author={de Oliveira Pires, Fl{\'a}vio},
  journal={British journal of sports medicine},
  volume={47},
  number={11},
  pages={721--722},
  year={2013},
  publisher={BMJ Publishing Group Ltd and British Association of Sport and Exercise Medicine}
}

@article{Popper,
  title={Karl popper},
  author={Thornton, Stephen},
  year={1997}
}


@inproceedings{wildflower,
  title={Defining Quality Requirements for a Trustworthy AI Wildflower Monitoring Platform},
  author={Heck, Petra and Schouten, Gerard},
  booktitle={2023 IEEE/ACM 2nd International Conference on AI Engineering--Software Engineering for AI (CAIN)},
  pages={119--126},
  year={2023},
  organization={IEEE}
}

@inproceedings{software2,
  title={Improving generalizability of ml-enabled software through domain specification},
  author={Barzamini, Hamed and Rahimi, Mona and Shahzad, Murteza and Alhoori, Hamed},
  booktitle={Proceedings of the 1st International Conference on AI Engineering: Software Engineering for AI},
  pages={181--192},
  year={2022}
}

@article{sculley2015,
  title={Hidden technical debt in machine learning systems},
  author={Sculley, David and Holt, Gary and Golovin, Daniel and Davydov, Eugene and Phillips, Todd and Ebner, Dietmar and Chaudhary, Vinay and Young, Michael and Crespo, Jean-Francois and Dennison, Dan},
  journal={Advances in neural information processing systems},
  volume={28},
  year={2015}
}