@misc{xia2024responsibleaimetricscatalogue,
      title={Towards a Responsible AI Metrics Catalogue: A Collection of Metrics for AI Accountability}, 
      author={Boming Xia and Qinghua Lu and Liming Zhu and Sung Une Lee and Yue Liu and Zhenchang Xing},
      year={2024},
      eprint={2311.13158},
      archivePrefix={arXiv},
      primaryClass={cs.SE},
      url={https://arxiv.org/abs/2311.13158}, 
}

@inproceedings{Dur_n_2024, series={CAIN 2024},
   title={Identifying Architectural Design Decisions for Achieving Green ML Serving},
   url={http://dx.doi.org/10.1145/3644815.3644962},
   DOI={10.1145/3644815.3644962},
   booktitle={Proceedings of the IEEE/ACM 3rd International Conference on AI Engineering - Software Engineering for AI},
   publisher={ACM},
   author={Dur√°n, Francisco and Martinez-Fernandez, Silverio and Martinez, Matias and Lago, Patricia},
   year={2024},
   month=apr, collection={CAIN 2024} }