
@inproceedings{pinto_developer_2024,
	address = {Lisbon Portugal},
	title = {Developer {Experiences} with a {Contextualized} {AI} {Coding} {Assistant}: {Usability}, {Expectations}, and {Outcomes}},
	isbn = {9798400705915},
	shorttitle = {Developer {Experiences} with a {Contextualized} {AI} {Coding} {Assistant}},
	url = {https://dl.acm.org/doi/10.1145/3644815.3644949},
	doi = {10.1145/3644815.3644949},
	language = {en},
	urldate = {2024-07-23},
	booktitle = {Proceedings of the {IEEE}/{ACM} 3rd {International} {Conference} on {AI} {Engineering} - {Software} {Engineering} for {AI}},
	publisher = {ACM},
	author = {Pinto, Gustavo and De Souza, Cleidson and Rocha, Thayssa and Steinmacher, Igor and Souza, Alberto and Monteiro, Edward},
	month = apr,
	year = {2024},
	pages = {81--91},
	file = {Pinto et al. - 2024 - Developer Experiences with a Contextualized AI Cod.pdf:/Users/enno/Documents/Zotero/storage/TCUPFC6H/Pinto et al. - 2024 - Developer Experiences with a Contextualized AI Cod.pdf:application/pdf},
}

@inproceedings{poenaru-olaru_is_2024,
	address = {Lisbon Portugal},
	title = {Is {Your} {Anomaly} {Detector} {Ready} for {Change}? {Adapting} {AIOps} {Solutions} to the {Real} {World}},
	isbn = {9798400705915},
	shorttitle = {Is {Your} {Anomaly} {Detector} {Ready} for {Change}?},
	url = {https://dl.acm.org/doi/10.1145/3644815.3644961},
	doi = {10.1145/3644815.3644961},
	language = {en},
	urldate = {2024-07-23},
	booktitle = {Proceedings of the {IEEE}/{ACM} 3rd {International} {Conference} on {AI} {Engineering} - {Software} {Engineering} for {AI}},
	publisher = {ACM},
	author = {Poenaru-Olaru, Lorena and Karpova, Natalia and Cruz, Luis and Rellermeyer, Jan S. and Van Deursen, Arie},
	month = apr,
	year = {2024},
	pages = {222--233},
	file = {Poenaru-Olaru et al. - 2024 - Is Your Anomaly Detector Ready for Change Adaptin.pdf:/Users/enno/Documents/Zotero/storage/WAWRENLI/Poenaru-Olaru et al. - 2024 - Is Your Anomaly Detector Ready for Change Adaptin.pdf:application/pdf},
}
